@Article{ref1,
author="Farmani, Vahid
and Kniep, Helge
and Maros, Mate E.
and Lyashevska, Olga
and Malone, Fiona
and Fiehler, Jens
and Morris, Liam",
title="Estimating Individualized Effectiveness of Receiving Successful Recanalization for Ischemic Stroke Cases Using Machine Learning Techniques",
journal="Journal of Stroke and Cerebrovascular Diseases",
year="XXXX",
month="2025/04/24",
publisher="Elsevier",
issn="1052-3057",
doi="10.1016/j.jstrokecerebrovasdis.2025.108324",
url="https://doi.org/10.1016/j.jstrokecerebrovasdis.2025.108324"
}

