@article{lyashevska2016a,
    author = {Lyashevska, Olga and Brus, Dick J. and van der Meer, Jaap},
    title = {{Mapping species abundance by a spatial zero-inflated Poisson model: a case study in the Wadden Sea, the Netherlands}},
    journal = {Ecology and Evolution},
    issn = {2045--7758},
    url = {http://dx.doi.org/10.1002/ece3.1880},
    doi = {10.1002/ece3.1880},
    pages = {},
    keywords = {Benthic species, count data, generalized linear spatial modeling, spatial correlation},
    year = {2016},
}
